<?xml version="1.0" encoding="UTF-8"?><collection xmlns="http://www.loc.gov/MARC21/slim"><record><leader>00565nam--2200205-i-4500</leader><controlfield tag="001">000050044</controlfield><controlfield tag="002">20161230</controlfield><controlfield tag="005">20161230201048</controlfield><controlfield tag="008">060222s1000------------r-----000-0-rus-d</controlfield><datafield ind1=" " ind2=" " tag="040"><subfield code="a">IFIN-HH</subfield></datafield><datafield ind1=" " ind2=" " tag="041"><subfield code="a">rus</subfield></datafield><datafield ind1=" " ind2=" " tag="080"><subfield code="a">519.853</subfield></datafield><datafield ind1="1" ind2=" " tag="100"><subfield code="a">Bazaraa, M</subfield></datafield><datafield ind1="1" ind2="0" tag="245"><subfield code="a">Nelineinoe programmirovanie</subfield><subfield code="c">Mokhtar s. bazaraa, c.m. shetty</subfield></datafield><datafield ind1=" " ind2=" " tag="260"><subfield code="a">Moskva</subfield><subfield code="b">Mir</subfield><subfield code="c">1982</subfield></datafield><datafield ind1=" " ind2=" " tag="300"><subfield code="a">583P</subfield></datafield><datafield ind1=" " ind2=" " tag="500"><subfield code="a">Titlul Original In Limba Engleza: Nonlinear Programming Theory And Algorithms</subfield></datafield><datafield ind1="1" ind2=" " tag="700"><subfield code="a">Shetty, K</subfield></datafield><datafield ind1=" " ind2=" " tag="852"><subfield code="a">70749</subfield><subfield code="c">519.283</subfield></datafield><datafield ind1=" " ind2=" " tag="CAT"><subfield code="a">Sys</subfield><subfield code="c">20130808</subfield><subfield code="h">115733</subfield></datafield></record></collection>